
@book{ashcroft76,
  added-at = {2009-03-26T12:05:24.000+0100},
  author = {Ashcroft, N. W. and Mermin, N. D.},
  biburl = {https://www.bibsonomy.org/bibtex/2e23a76f4cc35f826a9431e710991b5ac/vos107},
  interhash = {3fceace2452d29987bf484c07aeee889},
  intrahash = {e23a76f4cc35f826a9431e710991b5ac},
  keywords = {},
  publisher = {Holt-Saunders},
  timestamp = {2009-03-26T12:05:24.000+0100},
  title = {{S}olid {S}tate {P}hysics},
  year = {1976}
}

@book{tinkham,
  abstract = {{<div>Well known for its accessibility to graduate students and experimental physicists, this volume emphasizes physical arguments and minimizes theoretical formalism. This second edition features improvements by the author that enhance its user-friendliness and value as a reference. Starting with a historical overview, the text proceeds with an introduction to the electrodynamics of superconductors and presents expositions of the Bardeen-Cooper-Schrieffer and Ginzburg-Landau theories. Additional subjects include magnetic properties of classic type II superconductors; the Josephson effect; fluctuation effects in classic superconductors; the high-temperature superconductors; and nonequilibrium superconductivity. 1996 ed. 109 figures. 1 table.<br></div>}},
  added-at = {2014-04-15T11:23:24.000+0200},
  author = {Tinkham, Michael},
  biburl = {https://www.bibsonomy.org/bibtex/2124742df35be9f37c10b560ee7bccefa/tsunetomo},
  day = 14,
  edition = 2,
  howpublished = {Paperback},
  interhash = {a3ee4e22d9ab2f1dce3bf1a888cede14},
  intrahash = {124742df35be9f37c10b560ee7bccefa},
  isbn = {0486435032},
  keywords = {superconductivity},
  month = jun,
  posted-at = {2010-07-07 17:21:26},
  priority = {2},
  publisher = {Dover Publications},
  timestamp = {2014-04-15T11:26:17.000+0200},
  title = {Introduction to Superconductivity},
  url = {http://www.worldcat.org/isbn/0486435032},
  year = 2004
}


@ARTICLE{Cohen92,
   author       = "Ronald E. Cohen",
   title        = "Origin of ferroelectricity in perovskite oxides",
   year         = "1992",
   journal      = "Nature",
   volume       = "358",
   pages        = "136-138",
}

@article{Nat_SIT,
  title={Superconducting phase transitions in disordered NbTiN films},
  author={Burdastyh, MV and Postolova, SV and Proslier, T and Ustavshikov, SS and Antonov, AV and Vinokur, VM and Mironov, A Yu},
  journal={Scientific reports},
  volume={10},
  number={1},
  pages={1471},
  year={2020},
  publisher={Nature Publishing Group UK London}
}

@article{anderson1959theory,
  title={Theory of dirty superconductors},
  author={Anderson, Philip W},
  journal={Journal of Physics and Chemistry of Solids},
  volume={11},
  number={1-2},
  pages={26--30},
  year={1959},
  publisher={Elsevier}
}

@article{finkel1994suppression,
  title={Suppression of superconductivity in homogeneously disordered systems},
  author={Finkel'Stein, AM},
  journal={Physica B: Condensed Matter},
  volume={197},
  number={1-4},
  pages={636--648},
  year={1994},
  publisher={Elsevier}
}

@article{fisher1990presence,
  title={Presence of quantum diffusion in two dimensions: Universal resistance at the superconductor-insulator transition},
  author={Fisher, Matthew PA and Grinstein, G and Girvin, SM},
  journal={Physical review letters},
  volume={64},
  number={5},
  pages={587},
  year={1990},
  publisher={APS}
}
@misc{harmonics, title={Causes and effects of harmonics in Electrical Power Systems}, url={https://www.fluke.com/en-us/learn/blog/power-quality/harmonics-electrical-systems#:~:text=These%20harmonics%20are%20generated%20by,%2C%20televisions%2C%20and%20LED%20lighting.}, journal={Fluke}, author={Fluke}, year={2023}, month={May}} 

@misc{bscco_tc, title={Bi-2223}, url={https://www.2dsemiconductors.com/Bi-2223/#description}, journal={2D Semiconductors}, author={2D Semiconductors}, year={2023}, month={May}} 

@article{oxygenMag,
  title = {The Magnetic Moment of the Oxygen Atom},
  author = {Kurt, O. E. and Phipps, T. E.},
  journal = {Phys. Rev.},
  volume = {34},
  issue = {10},
  pages = {1357--1366},
  numpages = {0},
  year = {1929},
  month = {Nov},
  publisher = {American Physical Society},
  doi = {10.1103/PhysRev.34.1357},
  url = {https://link.aps.org/doi/10.1103/PhysRev.34.1357}
}


@misc{DoScience,
  author = {Dominic Walliman},
  title = {{The Map of Superconductivity}},
  howpublished = "\url{https://www.youtube.com/watch?v=bD2M7P6dTVA}",
  year = {2021}, 
  note = "[Online; accessed 20-September-2023]"
}

@article{MnO1933,
  title={Ein neuer effekt bei eintritt der supraleitf{\"a}higkeit},
  author={Meissner, Walther and Ochsenfeld, Robert},
  journal={Naturwissenschaften},
  volume={21},
  number={44},
  pages={787--788},
  year={1933},
  publisher={Springer-Verlag Berlin/Heidelberg}
}


@article{pippard,
  title={An experimental and theoretical study of the relation between magnetic field and current in a superconductor},
  author={Pippard, Alfred Brian and Bragg, William Lawrence},
  journal={Proceedings of the Royal Society of London. Series A. Mathematical and Physical Sciences},
  volume={216},
  number={1127},
  pages={547--568},
  year={1953},
  publisher={The Royal Society London}
}

@article{london1935,
  title={The electromagnetic equations of the supraconductor},
  author={London, Fritz and London, Heinz},
  journal={Proceedings of the Royal Society of London. Series A-Mathematical and Physical Sciences},
  volume={149},
  number={866},
  pages={71--88},
  year={1935},
  publisher={The Royal Society London}
}