
@book{ashcroft76,
  added-at = {2009-03-26T12:05:24.000+0100},
  author = {Ashcroft, N. W. and Mermin, N. D.},
  biburl = {https://www.bibsonomy.org/bibtex/2e23a76f4cc35f826a9431e710991b5ac/vos107},
  interhash = {3fceace2452d29987bf484c07aeee889},
  intrahash = {e23a76f4cc35f826a9431e710991b5ac},
  keywords = {},
  publisher = {Holt-Saunders},
  timestamp = {2009-03-26T12:05:24.000+0100},
  title = {{S}olid {S}tate {P}hysics},
  year = {1976}
}


@article{oxygenMag,
  title = {The Magnetic Moment of the Oxygen Atom},
  author = {Kurt, O. E. and Phipps, T. E.},
  journal = {Phys. Rev.},
  volume = {34},
  issue = {10},
  pages = {1357--1366},
  numpages = {0},
  year = {1929},
  month = {Nov},
  publisher = {American Physical Society},
  doi = {10.1103/PhysRev.34.1357},
  url = {https://link.aps.org/doi/10.1103/PhysRev.34.1357}
}

@book{nmr65,
  title={High Resolution Nuclear Magnetic Resonance Spectroscopy: Volume 1},
  author={Emsley, James William and Feeney, James and Sutcliffe, Leslie Howard},
  volume={1},
  year={1967},
  publisher={Pergamon Press}
}